@misc{LicensesCombined,
	author = {Callaway, Tom},
	booktitle = {Fedora Project},
	title = {{Combined Dual and Multiple Licensing Scenario}},
	url = {http://fedoraproject.org/wiki/Packaging:LicensingGuidelines#Combined_Dual_and_Multiple_Licensing_Scenario},
	urldate = {2014-05-07},
	year = {2013},
}

@misc{GoodLicenses,
	author = {Callaway, Tom},
	booktitle = {Fedora Project},
	title = {{Good Licenses}},
	url = {https://fedoraproject.org/wiki/Licensing:Main?rd=Licensing#Good_Licenses},
	urldate = {2014-05-07},
	year = {2014},
}

@misc{GoodLicenses2,
	author = {Callaway, Tom},
	booktitle = {Fedora Project},
	title = {{Good Licenses}},
	url = {https://fedoraproject.org/wiki/Licensing:Main?rd=Licensing#Good_Licenses_2},
	urldate = {2014-05-07},
	year = {2014},
}

@misc{BadLicenses,
	author = {Callaway, Tom},
	booktitle = {Fedora Project},
	title = {{Bad Licenses}},
	url = {https://fedoraproject.org/wiki/Licensing:Main?rd=Licensing#Bad_Licenses},
	urldate = {2014-05-07},
	year = {2014},
}

@misc{DjangoSoftwareFoundation2013,
	author = {{Django Software Foundation}},
	booktitle = {djangoproject.com},
	title = {{Django: The Web framework for perfectionists with deadlines}},
	url = {https://www.djangoproject.com/},
	urldate = {2014-05-07},
	year = {2013},
}

@misc{Gzip2010,
	author = {{Free Software Foundation, Inc.}},
	title = {{Gzip}},
	url = {http://www.gnu.org/software/gzip/gzip.html},
	urldate = {2014-05-07},
	year = {2010},
}

@misc{Make2013,
	author = {{Free Software Foundation, Inc.}},
	title = {{Make}},
	url = {http://www.gnu.org/software/make/},
	urldate = {2014-05-07},
	year = {2013},
}

@misc{Tar2013,
	author = {{Free Software Foundation, Inc.}},
	title = {{Tar}},
	url = {http://www.gnu.org/software/tar/tar.html},
	urldate = {2014-05-07},
	year = {2013},
}

@misc{GPLv2,
	author = {{Free Software Foundation, Inc.}},
	title = {{GNU General Public License}},
	url = {http://www.gnu.org/licenses/old-licenses/gpl-2.0.html},
	urldate = {2014-05-07},
	year = {1991},
}

@Misc{GitHub2014,
	Author = {{GitHub, Inc.}},
	Title = {{GitHub}},
	URL = {https://github.com/},
	Year = {2014},
}

@misc{Markdown2014,
	author = {{GitHub, Inc.}},
	title = {{Markdown Basics}},
	url = {https://help.github.com/articles/markdown-basics},
	urldate = {2014-05-07},
	year = {2014},
}

@book{Holovaty2007,
	author = {Holovaty, Adrian and Kaplan-Moss, Jacob},
	isbn = {978-1590597255},
	pages = {447},
	title = {{The Django Book}},
	year = {2007},
}

@Book{Holovaty2009,
	Author = {Holovaty, Adrian and Kaplan-Moss, Jacob},
	Title = {{The Definitive Guide to Django: Web Development Done Right}},
	Year = {2009},
}

@book{Chacon2009,
	address = {Praha},
	author = {Chacon, Scott},
	isbn = {978-80-904248-1-4},
	pages = {1--267},
	publisher = {CZ.NIC, z. s. p. o.},
	title = {{Pro Git}},
	url = {http://knihy.nic.cz/files/nic/edice/scott_chacon_pro_git.pdf},
	year = {2009},
}

@book{Pilgrim2010,
	address = {Praha},
	author = {Pilgrim, Mark},
	isbn = {978-80-904248-2-1},
	pages = {1--435},
	publisher = {CZ.NIC, z. s. p. o.},
	title = {{Ponořme se do Python(u) 3}},
	url = {http://knihy.nic.cz/files/nic/edice/mark_pilgrim_dip3_ver3.pdf},
	year = {2010},
}

@misc{Kabrda2013,
	author = {Kabrda, Bohuslav},
	booktitle = {DevAssistant mailing list},
	title = {{[rfc] DevAssistant Packaging Format + Assistants Repository}},
	url = {https://lists.fedoraproject.org/pipermail/devassistant/2013-November/000006.html},
	date = {2013-11-11},
	urldate = {2014-05-06},
	year = {2013},
}

@misc{da-yaml,
	author = {Kabrda, Bohuslav and Hráček, Petr},
	booktitle = {DevAssistant 0.9.0a2 documentation},
	title = {{Yaml Assistant Reference}},
	url = {http://doc.devassistant.org/en/v0.9.0a2/developer_documentation/yaml_assistant_reference.html},
	urldate = {2014-05-06},
	year = {2013},
}

@misc{da-tutorial,
	author = {Kabrda, Bohuslav and Hráček, Petr},
	booktitle = {DevAssistant 0.9.0a2 documentation},
	title = {{Tutorial: Creating Your Own Assistant}},
	url = {http://doc.devassistant.org/en/v0.9.0a2/developer_documentation/tutorial_creating_assistant.html},
	urldate = {2014-05-06},
	year = {2013},
}

@misc{da-user-doc,
	author = {Kabrda, Bohuslav and Hráček, Petr},
	booktitle = {DevAssistant 0.9.0a2 documentation},
	title = {{User Documentation}},
	url = {http://doc.devassistant.org/en/v0.9.0a2/user_documentation.html},
	urldate = {2014-05-06},
	year = {2013},
}

@misc{da-fedora,
	author = {Kabrda, Bohuslav and Hráček, Petr and Končický, Jaromír and Hrončok, Miroslav and Raděj, Tomáš},
	title = {devassistant-assistants-fedora},
	url = {https://github.com/bkabrda/devassistant-assistants-fedora},
	urldate = {2014-05-04},
	year = {2014},
}

@misc{Npm,
	author = {{npm, Inc.} and Con and Tr and Ib and Ut and Ors},
	title = {npm},
	url = {https://www.npmjs.org/},
	urldate = {2014-05-07},
}

@misc{CPAN2013,
	author = {Perl.org and Hietaniemi, Jarkko},
	title = {{The Comprehensive Perl Archive Network}},
	url = {http://www.cpan.org/},
	urldate = {2014-05-07},
	year = {2013},
}

@misc{wiki-dsl,
	author = {{Přispěvatelé Wikipedie}},
	booktitle = {Wikipedie: Otevřená encyklopedie},
	title = {{Doménově specifický jazyk}},
	url = {http://cs.wikipedia.org/w/index.php?title=Doménově_specifický_jazyk&oldid=11183746},
	date = {2014-02-07},
	urldate = {2014-05-06},
	year = {2014},
}

@misc{wiki-yaml,
	author = {{Přispěvatelé Wikipedie}},
	booktitle = {Wikipedie: Otevřená encyklopedie},
	title = {{YAML}},
	url = {http://cs.wikipedia.org/w/index.php?title=YAML&oldid=11256298},
	date = {2014-02-26},
	urldate = {2014-05-06},
	year = {2014},
}

@misc{wiki-tdd,
	author = {{Přispěvatelé Wikipedie}},
	booktitle = {Wikipedie: Otevřená encyklopedie},
	title = {{Programování řízené testy}},
	url = {http://cs.wikipedia.org/w/index.php?title=Programov%C3%A1n%C3%AD_%C5%99%C3%ADzen%C3%A9_testy&oldid=10974780},
	date = {2013-11-26},
	urldate = {2014-05-08},
	year = {2013},
}

@misc{PythonSoftwareFoundation2014a,
	author = {{Python Software Foundation}},
	title = {pypa / pypi},
	url = {https://bitbucket.org/pypa/pypi/overview},
	urldate = {2014-05-07},
	year = {2014},
}

@misc{PythonSoftwareFoundation2014b,
	author = {{Python Software Foundation}},
	title = {{List trove classifiers}},
	url = {https://pypi.python.org/pypi?:action=list_classifiers},
	urldate = {2014-05-06},
	year = {2014},
}

@misc{PythonSoftwareFoundation2014,
	author = {{Python Software Foundation}},
	title = {{PyPI}},
	url = {https://pypi.python.org/pypi},
	urldate = {2014-05-07},
	year = {2014},
}

@misc{Altis2014,
	author = {Altis, Kevin and Behnel, Stefan and Montanaro, Skip and Rovner, Mike},
	title = {{Integrating Python With Other Languages}},
	url = {https://wiki.python.org/moin/IntegratingPythonWithOtherLanguages?action=recall&rev=75},
	date = {2014-03-24},
	urldate = {2014-05-08},
	year = {2014},
}

@misc{Quaranto2014a,
	author = {Quaranto, Nick and Michaels-Ober, Erik and Dollar, David and Meiklejohn, Christopher},
	title = {rubygems/rubygems.org},
	url = {https://github.com/rubygems/rubygems.org},
	urldate = {2014-05-06},
	year = {2014},
}

@misc{Quaranto2014,
	author = {Quaranto, Nick and Michaels-Ober, Erik and Dollar, David and Meiklejohn, Christopher},
	title = {{RubyGems.org}},
	url = {https://rubygems.org/},
	urldate = {2014-05-07},
	year = {2014},
}

@misc{RedHat2013,
	author = {{Red Hat, Inc.}},
	title = {{DevAssistant - Homepage}},
	url = {http://devassistant.org/},
	urldate = {2014-05-07},
	year = {2013},
}

@misc{Simonov2014,
	author = {Simonov, Kirill},
	title = {{PyYAML}},
	url = {https://pypi.python.org/pypi/PyYAML},
	urldate = {2014-05-08},
	year = {2014},
}

@misc{Krekel2013,
	author = {Krekel, Holger},
	title = {{pytest: helps you write better programs}},
	url = {http://pytest.org/},
	urldate = {2014-05-08},
	year = {2013},
}

